@article {ref_article1,
  author = "F.",
  title = "Journal title",
  article = "this article"
}

@article {ref_lncs1,
  author = "F.",
  title = "No title"
}

@book {ref_book1,
  author = "this guy",
  title = "this title",
  year = "2006"
}

@article {ref_proc1,
  author = "me",
  title = "hello",
  }

@article {ref_url1,
  author = "LNCS Homepage",
  title = "LNCS Homepage",
}
